<record><leader>00000cas a2200000 a 4500</leader><controlfield tag="001">5320311</controlfield><controlfield tag="008">790829d18301842nyuwr ne      0   a0eng c</controlfield><datafield ind1=" " ind2=" " tag="010"><subfield code="a">sn 96094932 </subfield></datafield><datafield ind1=" " ind2=" " tag="040"><subfield code="a">IXA</subfield><subfield code="b">eng</subfield><subfield code="c">IXA</subfield><subfield code="d">MUL</subfield><subfield code="d">NYG</subfield><subfield code="d">NYS</subfield><subfield code="d">IUL</subfield><subfield code="d">NYG</subfield><subfield code="d">OCL</subfield><subfield code="d">DLC</subfield><subfield code="d">NVK</subfield><subfield code="d">OCL</subfield><subfield code="d">NYS</subfield><subfield code="d">NLM</subfield><subfield code="d">AQM</subfield><subfield code="d">DLC</subfield><subfield code="d">OCLCQ</subfield><subfield code="d">OCLCO</subfield></datafield><datafield ind1="7" ind2=" " tag="016"><subfield code="a">101284060</subfield><subfield code="2">DNLM</subfield></datafield><datafield ind1=" " ind2=" " tag="019"><subfield code="a">8723770</subfield><subfield code="a">191121858</subfield></datafield><datafield ind1="1" ind2=" " tag="029"><subfield code="a">AU@</subfield><subfield code="b">000012975453</subfield></datafield><datafield ind1=" " ind2=" " tag="042"><subfield code="a">pcc</subfield></datafield><datafield ind1=" " ind2=" " tag="043"><subfield code="a">n-us-ny</subfield></datafield><datafield ind1=" " ind2="4" tag="050"><subfield code="a">AP2</subfield><subfield code="b">.N65</subfield></datafield><datafield ind1="0" ind2="0" tag="060"><subfield code="a">W1</subfield><subfield code="b">NE739</subfield></datafield><datafield ind1=" " ind2=" " tag="092"><subfield code="a">051</subfield><subfield code="b">fN552m</subfield></datafield><datafield ind1="0" ind2="4" tag="245"><subfield code="a">The New-York mirror.</subfield></datafield><datafield ind1=" " ind2=" " tag="260"><subfield code="a">New York :</subfield><subfield code="b">[George P. Morris],</subfield><subfield code="c">1830-1842.</subfield></datafield><datafield ind1=" " ind2=" " tag="300"><subfield code="a">13 v. :</subfield><subfield code="b">ill. ;</subfield><subfield code="c">33 cm.</subfield></datafield><datafield ind1=" " ind2=" " tag="310"><subfield code="a">Weekly</subfield></datafield><datafield ind1="0" ind2=" " tag="362"><subfield code="a">Vol. 8, no. 1 (July 10, 1830)-v. 20, no. 52 (Dec. 24, 1842).</subfield></datafield><datafield ind1=" " ind2=" " tag="500"><subfield code="a">"A repository of polite literature and the arts."</subfield></datafield><datafield ind1=" " ind2=" " tag="500"><subfield code="a">Title from caption.</subfield></datafield><datafield ind1=" " ind2=" " tag="530"><subfield code="a">Available on microfilm from University Microfilms (American periodical series: 1800-1850).</subfield></datafield><datafield ind1=" " ind2="0" tag="651"><subfield code="a">New York (N.Y.)</subfield><subfield code="v">Newspapers.</subfield></datafield><datafield ind1=" " ind2="0" tag="651"><subfield code="a">New York County (N.Y.)</subfield><subfield code="v">Newspapers.</subfield></datafield><datafield ind1="1" ind2="2" tag="650"><subfield code="a">Literature</subfield><subfield code="v">Periodicals.</subfield></datafield><datafield ind1="2" ind2="2" tag="650"><subfield code="a">Art</subfield><subfield code="v">Periodicals.</subfield></datafield><datafield ind1=" " ind2="4" tag="655"><subfield code="a">Literary periodicals.</subfield></datafield><datafield ind1=" " ind2="4" tag="655"><subfield code="a">Gold tooled leather (Binding)</subfield></datafield><datafield ind1=" " ind2="4" tag="655"><subfield code="a">Blind tooled leather (Binding)</subfield></datafield><datafield ind1=" " ind2="7" tag="655"><subfield code="a">Leather bindings (Binding)</subfield><subfield code="2">rbbin</subfield></datafield><datafield ind1=" " ind2="7" tag="655"><subfield code="a">Dentelle bindings (Binding)</subfield><subfield code="2">rbbin</subfield></datafield><datafield ind1=" " ind2="7" tag="655"><subfield code="a">Fillet tools (Binding)</subfield><subfield code="2">rbbin</subfield></datafield><datafield ind1=" " ind2="7" tag="655"><subfield code="a">Marbled papers (Binding)</subfield><subfield code="2">rbbin</subfield></datafield><datafield ind1=" " ind2="7" tag="655"><subfield code="a">Marbled edges (Binding)</subfield><subfield code="2">rbbin</subfield></datafield><datafield ind1=" " ind2="7" tag="655"><subfield code="a">Personalized bindings (Binding)</subfield><subfield code="5">MWA.</subfield><subfield code="2">rbbin</subfield></datafield><datafield ind1=" " ind2="7" tag="655"><subfield code="a">Extra-illustrated copies (Provenance)</subfield><subfield code="5">MWA.</subfield><subfield code="2">rbprov</subfield></datafield><datafield ind1=" " ind2=" " tag="752"><subfield code="a">United States</subfield><subfield code="b">New York</subfield><subfield code="c">New York</subfield><subfield code="d">New York.</subfield></datafield><datafield ind1="1" ind2=" " tag="776"><subfield code="t">New-York mirror</subfield><subfield code="w">(DLC)sf 89091552</subfield><subfield code="w">(OCoLC)11195076</subfield></datafield><datafield ind1="0" ind2="0" tag="780"><subfield code="t">New-York mirror, and ladies' literary gazette</subfield><subfield code="w">(OCoLC)5320278</subfield></datafield><datafield ind1="0" ind2="5" tag="780"><subfield code="t">American monthly magazine (Boston, Mass.)</subfield><subfield code="x">2155-9503</subfield><subfield code="w">(DLC)  2010202330</subfield><subfield code="w">(OCoLC)1480441</subfield></datafield><datafield ind1="0" ind2="0" tag="785"><subfield code="t">New mirror</subfield><subfield code="w">(OCoLC)9067402</subfield></datafield><datafield ind1=" " ind2=" " tag="850"><subfield code="a">InU</subfield></datafield></record>